<?xml version="1.0" encoding="UTF-8"?><collection xmlns="http://www.loc.gov/MARC21/slim"><record><leader>00378nam--2200121-i-4500</leader><controlfield tag="001">000041451</controlfield><controlfield tag="002">20161230</controlfield><controlfield tag="005">20161230201043</controlfield><controlfield tag="008">060222s1000------------r-----000-0-eng-d</controlfield><datafield ind1=" " ind2=" " tag="100"><subfield code="a">Shera,Jesse  H.A.Kent And J.W.Perry</subfield></datafield><datafield ind1=" " ind2=" " tag="245"><subfield code="a">Documentation in actiion. based on 1956 conf.on documentation at western reserve univ</subfield></datafield><datafield ind1=" " ind2=" " tag="260"><subfield code="a">New York, Reinhold, 1956. Xv + 471 P</subfield></datafield><datafield ind1=" " ind2=" " tag="852"><subfield code="a">13109</subfield></datafield></record></collection>